<record xmlns="http://www.loc.gov/MARC21/slim" xmlns:xsi="http://www.w3.org/2001/XMLSchema-instance" xsi:schemaLocation="http://www.loc.gov/MARC21/slim http://www.loc.gov/standards/marcxml/schema/MARC21slim.xsd"><leader>00037nz   2200037n  4500</leader><controlfield tag="001">DNB|100419232</controlfield><controlfield tag="003">DNB</controlfield><controlfield tag="005">19960808095621.0</controlfield><controlfield tag="008">900615|||az|nnaa|||||||||||| a|aaa|||| d</controlfield><datafield ind1="7" ind2=" " tag="016"><subfield code="a">100419232</subfield><subfield code="2">GyFmDB</subfield></datafield><datafield ind1=" " ind2=" " tag="040"><subfield code="a">0000</subfield><subfield code="b">ger</subfield><subfield code="d">9999</subfield><subfield code="f">RAK-PND</subfield></datafield><datafield ind1="1" ind2=" " tag="045"><subfield code="b">d6. Jh. v. Chr.</subfield></datafield><datafield ind1="0" ind2=" " tag="100"><subfield code="a">Asius,</subfield><subfield code="c">Samius</subfield><subfield code="d">6. Jh. v. Chr.</subfield></datafield><datafield ind1="0" ind2=" " tag="400"><subfield code="a">Asios,</subfield><subfield code="c">von Samos</subfield><subfield code="d">6. Jh. v. Chr.</subfield></datafield><datafield ind1="0" ind2=" " tag="400"><subfield code="a">Asius,</subfield><subfield code="c">Epicus</subfield><subfield code="d">6. Jh. v. Chr.</subfield></datafield><datafield ind1="0" ind2=" " tag="400"><subfield code="a">Asius,</subfield><subfield code="c">Lyricus</subfield><subfield code="d">6. Jh. v. Chr.</subfield></datafield><datafield ind1="0" ind2=" " tag="400"><subfield code="a">Asius,</subfield><subfield code="c">Elegiacus</subfield><subfield code="d">6. Jh. v. Chr.</subfield></datafield><datafield ind1="0" ind2=" " tag="400"><subfield code="a">Asio,</subfield><subfield code="c">di Samo</subfield><subfield code="d">6. Jh. v. Chr.</subfield></datafield><datafield ind1=" " ind2=" " tag="500"><subfield code="t">Asius &lt;Samius&gt;: Fragmenta. - 1840</subfield></datafield><datafield ind1=" " ind2=" " tag="500"><subfield code="t">Asius &lt;Samius&gt;: Carminum quae supersunt. - 1831</subfield></datafield><datafield ind1=" " ind2=" " tag="500"><subfield code="t">Callinus Ephesius: [Carminum] quae supersunt. - 1831</subfield></datafield><datafield ind1=" " ind2=" " tag="500"><subfield code="t">Hesiodus: Fragmenta. - 1840</subfield></datafield><datafield ind1=" " ind2=" " tag="910"><subfield code="a">asii fragmenta</subfield><subfield code="9">1</subfield></datafield><datafield ind1=" " ind2=" " tag="910"><subfield code="a">carminum quae supersunt</subfield><subfield code="9">2</subfield></datafield><datafield ind1=" " ind2=" " tag="910"><subfield code="a">hesiodi eumeli cinaethonis asii et carminis naupactii fragmenta praemissae sunt commentationes de genealogica graecorum poesi</subfield><subfield code="9">1</subfield></datafield><datafield ind1=" " ind2=" " tag="921"><subfield code="a">vogel</subfield><subfield code="9">1</subfield></datafield><datafield ind1=" " ind2=" " tag="922"><subfield code="a">gw</subfield><subfield code="9">4</subfield></datafield><datafield ind1=" " ind2=" " tag="930"><subfield code="a">asius samius</subfield><subfield code="9">1</subfield></datafield><datafield ind1=" " ind2=" " tag="940"><subfield code="a">ger</subfield><subfield code="9">4</subfield></datafield><datafield ind1=" " ind2=" " tag="943"><subfield code="a">183x</subfield><subfield code="9">2</subfield></datafield><datafield ind1=" " ind2=" " tag="943"><subfield code="a">184x</subfield><subfield code="9">4</subfield></datafield><datafield ind1=" " ind2=" " tag="944"><subfield code="a">am</subfield><subfield code="9">4</subfield></datafield><datafield ind1=" " ind2=" " tag="950"><subfield code="a">hesiodus</subfield><subfield code="9">2</subfield></datafield><datafield ind1=" " ind2=" " tag="950"><subfield code="a">eumelus</subfield><subfield code="9">1</subfield></datafield><datafield ind1=" " ind2=" " tag="950"><subfield code="a">cinaethon</subfield><subfield code="9">1</subfield></datafield><datafield ind1=" " ind2=" " tag="950"><subfield code="a">callinus ephesius</subfield><subfield code="9">1</subfield></datafield><datafield ind1=" " ind2=" " tag="950"><subfield code="a">marckscheffel wilhelm</subfield><subfield code="9">1</subfield></datafield><datafield ind1=" " ind2=" " tag="999"><subfield code="a">BVB|BV002517732</subfield></datafield><datafield ind1=" " ind2=" " tag="999"><subfield code="a">BVB|BV004536503</subfield></datafield><datafield ind1=" " ind2=" " tag="999"><subfield code="a">BVB|BV004551219</subfield></datafield><datafield ind1=" " ind2=" " tag="999"><subfield code="a">BVB|BV001556764</subfield></datafield></record>